@misc{SCJSpec,
  author = {{T}he {O}pen {G}roup},
  title = {{Safety-Critical Java Technology Specification}},
  year = {2012},
  note = {Internal document dated September 2012.}
}

@misc{RTSJSpec,
  author = {Greg Bollella and Ben Brosgol and Steve Furr and David Hardin and Rudy Belliardi and Peter Dibble and James Gosling and Mark Turnbull and Doug Locke and Scott Robbins and Pratik Solanki and Dionisio de Niz},
  title = {{T}he {R}eal-{T}ime {S}pecification for {J}ava},
  year = {2012}
}

@book{Martin:2008:CCH:1388398,
 author = {Robert C. Martin},
 title = {{C}lean {C}ode: {A} {H}andbook of {A}gile {S}oftware {C}raftsmanship},
 year = {2008},
 isbn = {0132350882, 9780132350884},
 edition = {1},
 publisher = {Prentice Hall PTR},
 address = {Upper Saddle River, NJ, USA},
} 


@book{Gamma:1995:DPE:186897,
 author = {Erich Gamma and Richard Helm and Ralph Johnson and John Vlissides},
 title = {{D}esign {P}atterns: {E}lements of {R}eusable {O}bject-{O}riented {S}oftware},
 year = {1995},
 isbn = {0-201-63361-2},
 publisher = {Addison-Wesley Longman Publishing Co., Inc.},
 address = {Boston, MA, USA},
} 


@inproceedings{Rios:2012:PSJ:2388936.2388938,
 author = {Juan Ricardo Rios and Kelvin Nilsen and Martin Schoeberl},
 title = {{P}atterns for {S}afety-{C}ritical {J}ava {M}emory {U}sage},
 booktitle = {Proceedings of the 10th International Workshop on Java Technologies for Real-time and Embedded Systems},
 series = {JTRES '12},
 year = {2012},
 isbn = {978-1-4503-1688-0},
 location = {Copenhagen, Denmark},
 pages = {1--8},
 numpages = {8},
 url = {http://doi.acm.org/10.1145/2388936.2388938},
 doi = {10.1145/2388936.2388938},
 acmid = {2388938},
 publisher = {ACM},
 address = {New York, NY, USA},
 keywords = {real-time Java, real-time systems, safety-critical systems},
} 

@inproceedings{Ravn:2010:CES:1850771.1850779,
 author = {Anders P. Ravn and Martin Schoeberl},
 title = {{C}yclic {E}xecutive for {S}afety-{C}ritical {J}ava on {C}hip-{M}ultiprocessors},
 booktitle = {Proceedings of the 8th International Workshop on Java Technologies for Real-Time and Embedded Systems},
 series = {JTRES '10},
 year = {2010},
 isbn = {978-1-4503-0122-0},
 location = {Prague, Czech Republic},
 pages = {63--69},
 numpages = {7},
 url = {http://doi.acm.org/10.1145/1850771.1850779},
 doi = {10.1145/1850771.1850779},
 acmid = {1850779},
 publisher = {ACM},
 address = {New York, NY, USA},
} 

@misc{JOPDesign,
author = {Martin Schoeberl},
title = {{JOP}: {A} {T}iny {J}ava {P}rocessor {C}ore for {FPGA}},
year = {2008},
URL = {},
note = {Date retrieved: December 10, 2012. Date last modified: February 24, 2008. Web site available at \url{http://www.jopdesign.com}},
}

@article{Schoeberl_ajava,
 author = {Martin Schoeberl},
 title = {{A} {J}ava {P}rocessor {A}rchitecture for {E}mbedded {R}eal-{T}ime {S}ystems},
 journal = {Journal of Systems Architecture},
 issue_date = {January, 2008},
 volume = {54},
 number = {1-2},
 month = jan,
 year = {2008},
 issn = {1383-7621},
 pages = {265--286},
 numpages = {22},
 url = {http://dx.doi.org/10.1016/j.sysarc.2007.06.001},
 doi = {10.1016/j.sysarc.2007.06.001},
 acmid = {1365141},
 publisher = {Elsevier North-Holland, Inc.},
 address = {New York, NY, USA},
 keywords = {Java processor, Real-time system, Time-predictable architecture},
} 

@misc{RAII,
author = {Wikipedia},
title = {{R}esource {A}cquisition {I}s {I}nitialization},
publisher = {},
year = {},
URL = {http://en.wikipedia.org/wiki/Resource_Acquisition_Is_Initialization},
note = {Date retrieved: December 14, 2012. Available at \url{http://en.wikipedia.org/wiki/Resource_Acquisition_Is_Initialization}},
}

@misc{CSPWiki,
author = {Wikipedia},
title = {{C}ubesat {S}pace {P}rotocol},
publisher = {},
year = {},
URL = {http://en.wikipedia.org/wiki/Cubesat_Space_Protocol},
note = {Date retrieved: December 15, 2012. Available at \url{http://en.wikipedia.org/wiki/Cubesat_Space_Protocol}},
}

@misc{JOPWiki,
author = {Martin Schoeberl},
title = {{J}op{W}iki},
publisher = {},
year = {},
URL = {http://www.jopwiki.com/},
note = {Date retrieved: December 10, 2012. Available at \url{http://www.jopwiki.com}},
bibsource = {http://www.interaction-design.org/references/},
}

@inproceedings{Schoeberl:2006:WAJ:1167999.1168033,
 author = {Martin Schoeberl and Rasmus Pedersen},
 title = {{WCET} {A}nalysis for a {J}ava {P}rocessor},
 booktitle = {Proceedings of the 4th International Workshop on Java Technologies for Real-Time and Embedded Systems},
 series = {JTRES '06},
 year = {2006},
 isbn = {1-59593-544-4},
 location = {Paris, France},
 pages = {202--211},
 numpages = {10},
 url = {http://doi.acm.org/10.1145/1167999.1168033},
 doi = {10.1145/1167999.1168033},
 acmid = {1168033},
 publisher = {ACM},
 address = {New York, NY, USA},
 keywords = {java processor, real-time system, worst-case execution time},
} 

@book{jop:handbook,
  author = {Martin Schoeberl},
  title = {{JOP} {R}eference {H}andbook: {B}uilding {E}mbedded {S}ystems with a {J}ava {P}rocessor},
  publisher = {CreateSpace},
  year = {2009},
  number = {ISBN 978-1438239699},
  pages = {362},
  note = {This is an electronic document. Document available at \url{http://www.jopdesign.com/doc/handbook.pdf}},
  url = {http://www.jopdesign.com/doc/handbook.pdf}
}

 @book{alan2001real,
  title={{R}eal-{T}ime {S}ystems and {P}rogramming {L}anguages: {A}da 95, {R}eal-{T}ime {J}ava and {R}eal-{T}ime {POSIX}},
  author={Alan Burns and Andy Wellings},
  isbn={9780201729887},
  lccn={2001016408},
  series={International Computer Science Series},
  url={http://books.google.dk/books?id=0\_LjXnAN6GEC},
  year={2001},
  publisher={Addison-Wesly}
}



% Introduces Hardware Objects to allow OO approach to accessing I/O devices (coming from Ada)
% Also describes embedded JVM architectures and the memory layout in JOP VM
@inproceedings{Schoeberl:2008:HOJ:1371608.1372849,
	title = {{H}ardware {O}bjects for {J}ava},
	author = {Martin Schoeberl and Christian Thalinger and Stephan Korsholm and Anders P. Ravn},
	booktitle = {Proceedings of the 2008 11th IEEE Symposium on Object Oriented Real-Time Distributed Computing},
	series = {ISORC '08},
	year = {2008},
	isbn = {978-0-7695-3132-8},
	pages = {445--452},
	numpages = {8},
	url = {http://dx.doi.org/10.1109/ISORC.2008.63},
	doi = {10.1109/ISORC.2008.63},
	acmid = {1372849},
	publisher = {IEEE Computer Society},
	address = {Washington, DC, USA},
 }

 @article{Schoeberl:2011:HAL:2043662.2043666,
 author = {Martin Schoeberl and Stephan Korsholm and Tomas Kalibera and Anders P. Ravn},
 title = {{A} {H}ardware {A}bstraction {L}ayer in {J}ava},
 journal = {ACM Transactions on Embedded Computing Systems},
 series = {TECS},
 issue_date = {November 2011},
 volume = {10},
 number = {4},
 month = nov,
 year = {2011},
 issn = {1539-9087},
 pages = {42:1--42:40},
 articleno = {42},
 numpages = {40},
 url = {http://doi.acm.org/10.1145/2043662.2043666},
 doi = {10.1145/2043662.2043666},
 acmid = {2043666},
 publisher = {ACM},
 address = {New York, NY, USA},
 keywords = {Device driver, Java, Java virtual machine, embedded system},
} 


 @inproceedings{Schoeberl:2007:GCS:1288940.1288953,
 author = {Martin Schoeberl and Jan Vitek},
 title = {{G}arbage {C}ollection for {S}afety-{C}ritical {Java}},
 booktitle = {Proceedings of the 5th International Workshop on Java Technologies for Real-Time and Embedded Systems},
 series = {JTRES '07},
 year = {2007},
 isbn = {978-1-59593-813-8},
 location = {Vienna, Austria},
 pages = {85--93},
 numpages = {9},
 url = {http://doi.acm.org/10.1145/1288940.1288953},
 doi = {10.1145/1288940.1288953},
 acmid = {1288953},
 publisher = {ACM},
 address = {New York, NY, USA},
 keywords = {garbage collection, real-time system},
}

%
%
 @article{Armbruster:2007:RJV:1324969.1324974,
 	 title = {{A} {R}eal-{T}ime {J}ava {V}irtual {M}achine with {A}pplications in {A}vionics},
	 author = {Austin Armbruster and Jason Baker and Antonio Cunei and Chapman Flack and David Holmes and Filip Pizlo and Edward Pla and Marek Prochazka and Jan Vitek},
	 journal = {ACM Transactions on Embedded Computing Systems},
   series = {TECS},
	 issue_date = {December 2007},
	 volume = {7},
	 number = {1},
	 month = dec,
	 year = {2007},
	 issn = {1539-9087},
	 pages = {5:1--5:49},
	 articleno = {5},
	 numpages = {49},
	 url = {http://doi.acm.org/10.1145/1324969.1324974},
	 doi = {10.1145/1324969.1324974},
	 acmid = {1324974},
	 publisher = {ACM},
	 address = {New York, NY, USA},
	 keywords = {Avionics, Real-time Java, memory management, virtual machines},
} 

@inproceedings{Schoeberl:2011:MMS:2043910.2043919,
 author = {Martin Schoeberl},
 title = {{M}emory {M}anagement for {S}afety-{C}ritical {J}ava},
 booktitle = {Proceedings of the 9th International Workshop on Java Technologies for Real-Time and Embedded Systems},
 series = {JTRES '11},
 year = {2011},
 isbn = {978-1-4503-0731-4},
 location = {York, United Kingdom},
 pages = {47--53},
 numpages = {7},
 url = {http://doi.acm.org/10.1145/2043910.2043919},
 doi = {10.1145/2043910.2043919},
 acmid = {2043919},
 publisher = {ACM},
 address = {New York, NY, USA},
 keywords = {safety-critical java, scoped memory},
}

@inproceedings{Dalsgaard:2012:PMA:2388936.2388939,
 author = {Andreas E. Dalsgaard and Ren{\'e} Rydhof Hansen and Martin Schoeberl},
 title = {{P}rivate {M}emory {A}llocation {A}nalysis for {S}afety-{C}ritical {J}ava},
 booktitle = {Proceedings of the 10th International Workshop on Java Technologies for Real-time and Embedded Systems},
 series = {JTRES '12},
 year = {2012},
 isbn = {978-1-4503-1688-0},
 location = {Copenhagen, Denmark},
 pages = {9--17},
 numpages = {9},
 url = {http://doi.acm.org/10.1145/2388936.2388939},
 doi = {10.1145/2388936.2388939},
 acmid = {2388939},
 publisher = {ACM},
 address = {New York, NY, USA},
} 


% Briefly describes an implementation of a RepRap printer in SCJ
% Main contribution - the first real use case and application for controlling a robot in SCJ
% Provides reflection on the SCJ specification from a Java programmer point of view
 @inproceedings{Schoeberl:2012:RepRap,
 author = {T\'{o}rur Biskopst{\o} Str{\o}m and Martin Schoeberl},
 title = {{A} {D}esktop 3{D} {P}rinter in {S}afety-{C}ritical {J}ava},
 booktitle = {Proceedings of the 10th International Workshop on Java Technologies for Real-time and Embedded Systems},
 series = {JTRES '12},
 year = {2012},
 isbn = {978-1-4503-1688-0},
 location = {Copenhagen, Denmark},
 pages = {72--79},
 numpages = {8},
 url = {http://doi.acm.org/10.1145/2388936.2388949},
 doi = {10.1145/2388936.2388949},
 acmid = {2388949},
 publisher = {ACM},
 address = {New York, NY, USA},
 keywords = {RepRap, safety-critical Java, scoped memory},
} 


% Describes an open source implementation of SCJ in order to give feedback on the specification draft
% Main contribution - the first open source SCJ implementation (especially with level 1)
% Presents issues, workarounds and suggestions for changes in the SCJ specification (cut down on RTSJ inheritance)
 @inproceedings{Schoeberl:2012:SCJonJava,
 author = {Martin Schoeberl and  Juan Ricardo Rios},
 title = {{S}afety-{C}ritical {J}ava on a {J}ava {P}rocessor},
 booktitle = {Proceedings of the 10th International Workshop on Java Technologies for Real-time and Embedded Systems},
 series = {JTRES '12},
 year = {2012},
 isbn = {978-1-4503-1688-0},
 location = {Copenhagen, Denmark},
 pages = {54--61},
 numpages = {8},
 url = {http://doi.acm.org/10.1145/2388936.2388946},
 doi = {10.1145/2388936.2388946},
 acmid = {2388946},
 publisher = {ACM},
 address = {New York, NY, USA},
 keywords = {Java, real-time systems, safety-critical systems},
} 


@misc{DO178B,
author = {{Federal Aviation Administration}},
title = {{S}oftware {A}pproval {G}uidelines},
publisher = {},
year = {2003},
URL = {http://www.airweb.faa.gov/Regulatory_and_Guidance_Library/rgOrders.nsf/0/640711b7b75dd3d486256d3c006f034f/$FILE/Order8110.49.pdf},
note = {This is an electronic document. Date of publication: June 3, 2003. Date retrieved: November 28, 2012. Document available at \url{http://www.airweb.faa.gov/Regulatory_and_Guidance_Library/rgOrders.nsf/0/640711b7b75dd3d486256d3c006f034f/$FILE/Order8110.49.pdf}},
bibsource = {http://www.interaction-design.org/references/},
}

@misc{DO178B-Example,
author = {{Federal Aviation Administration}},
title = {{G}uidelines for {A}pproving {S}ource {C}ode to {O}bject {C}ode {T}raceability},
publisher = {},
year = {2002},
URL = {http://www.faa.gov/aircraft/air_cert/design_approvals/air_software/cast/cast_papers/media/cast-12.pdf},
note = {This is an electronic document. Date of publication: December 1, 2002. Date retrieved: November 28, 2012. Document available at \url{http://www.faa.gov/aircraft/air_cert/design_approvals/air_software/cast/cast_papers/media/cast-12.pdf}},
}

@misc{JSR,
title = {{JSR} 302: {S}afety {C}ritical {J}ava {T}echnology},
publisher = {The Java Community Process},
year = {2006},
URL = {http://jcp.org/en/jsr/detail?id=302},
note = {Date of publication: July 24, 2006. Date retrieved: November 28, 2012. Web site available at \url{http://jcp.org/en/jsr/detail?id=302}},
}

@inproceedings{DBLP:conf/isorc/DvorakBCCCGIMMR04,
  author    = {Daniel Dvorak and
               Gregory Bollella and
               Tim Canham and
               Vanessa Carson and
               Virgil Champlin and
               Brian Giovannoni and
               Mark Indictor and
               Kenny Meyer and
               Alex Murray and
               Kirk Reinholtz},
  title     = {{P}roject {G}olden {G}ate: {T}owards {R}eal-{T}ime {J}ava in {S}pace {M}issions},
  booktitle = {Proceedings of the 7th IEEE International Symposium on Object-Oriented Real-Time Distributed Computing},
  series = {ISORC '04},
  year      = {2004},
  pages     = {15-22},
  ee        = {http://doi.ieeecomputersociety.org/10.1109/ISORC.2004.1300324},
  crossref  = {DBLP:conf/isorc/2004},
  bibsource = {DBLP, http://dblp.uni-trier.de}
}

@article{henties:2009-20,
  author = {Thomas Henties and James J. Hunt and Doug Locke and Kelvin Nilsen and Martin Schoeberl and Jan Vitek},
  title =        "{J}ava for {S}afety-{C}ritical {A}pplications",
  journal =      "2nd International Workshop on the Certification of Safety-Critical Software Controlled Systems (SafeCert 2009)",
  year =         "2009",
  month =        "Mar."
}

@INPROCEEDINGS{Valois94implementinglock-free,
    author = {John D. Valois},
    title = {{I}mplementing {L}ock-{F}ree {Q}ueues},
    booktitle = {In Proceedings of the Seventh International Conference on Parallel and Distributed Computing Systems, Las Vegas, NV},
    year = {1994},
    pages = {64--69}
}

@inproceedings{Michael:1996:SFP:248052.248106,
 author = {Michael M. Maged and Michael L. Scott},
 title = {{S}imple, {F}ast, and {P}ractical {N}on-{B}locking and {B}locking {C}oncurrent {Q}ueue {A}lgorithms},
 booktitle = {Proceedings of the Fifteenth Annual ACM Symposium on Principles of Distributed Computing},
 series = {PODC '96},
 year = {1996},
 isbn = {0-89791-800-2},
 location = {Philadelphia, Pennsylvania, United States},
 pages = {267--275},
 numpages = {9},
 url = {http://doi.acm.org/10.1145/248052.248106},
 doi = {10.1145/248052.248106},
 acmid = {248106},
 publisher = {ACM},
 address = {New York, NY, USA},
 keywords = {compare_and_swap, concurrent queue, lock-free, multiprogramming, non-blocking},
} 

@misc{GomSpace,
title = {{G}om{S}pace {ApS}},
publisher = {{GomSpace ApS}},
year = {},
url = {http://www.gomspace.dk},
note = {Date retrieved: November 30, 2012. Web site available at \url{http://www.gomspace.dk}.},
}

@book{GomSpace:CSP,
  author = {{GomSpace ApS}},
  title = {{C}ubesat {S}pace {P}rotocol ({CSP}) - {N}etwork-{L}ayer {D}elivery {P}rotocol for {C}ubesats and {E}mbedded {S}ystems},
  year = {2012},
  pages = {11},
  note = {This is an electronic document. Document available at \url{http://www.gomspace.com/documents/GS-CSP-1.1.pdf}},
  url = {http://www.gomspace.com/documents/GS-CSP-1.1.pdf}
}

@misc{GomSpace:CSPsrcGit,
title = {{C}ubesat {S}pace {P}rotocol source code},
publisher = {GomSpace ApS},
year = {2012},
URL = {https://github.com/GomSpace/libcsp},
note = {Date of inspection: December 11, 2012. Git repository available at \url{https://github.com/GomSpace/libcsp}},
}

@misc{SW902e12:CSPinSCJ,
title = {{C}ubesat {S}pace {P}rotocol and watchdog implementations in {S}afety-{C}ritical {J}ava},
publisher = {Group Sw902e12 - Mikkel Todberg and Jeppe Lund Andersen},
year = {2012},
URL = {https://github.com/Todberg/SW9/tree/master/Code},
note = {Git repository available at \url{https://github.com/Todberg/SW9/tree/master/Code}},
}

footnote{\url{https://github.com/GomSpace/libcsp}}.

@misc{oSCJ,
author = {Jan Vitek and Ales Pisek and Lei Zhao and Daniel Tang and Veysel H. Sahin and Ethan Blanton},
title = {{O}pen-{S}ource {S}afety-{C}ritical {J}ava},
publisher = {Purdue University},
year = {2009},
URL = {http://sss.cs.purdue.edu/projects/oscj/},
note = {Date retrieved: December 1, 2012. Date last modified: December 5, 2009. Web site available at \url{http://sss.cs.purdue.edu/projects/oscj/}.},
}

@MISC{Nilsen96issuesin,
    author = {Kelvin Nilsen},
    title = {{I}ssues in the {D}esign and {I}mplementation of {R}eal-{T}ime {J}ava},
    year = {1996},
    URL = {http://citeseerx.ist.psu.edu/viewdoc/summary?doi=10.1.1.55.8513},
    note = {This is an electronic document. Date retrieved 30. November, 2012. Document available at \url{http://citeseerx.ist.psu.edu/viewdoc/summary?doi=10.1.1.55.8513}}
}

@inproceedings{Singh:2012:CPC:2388936.2388948,
 author = {Neeraj Kumar Singh and Andy Wellings and Ana Cavalcanti},
 title = {{T}he {C}ardiac {P}acemaker {C}ase {S}tudy and its {I}mplementation in {S}afety-{C}ritical {J}ava and {R}avenscar {A}da},
 booktitle = {Proceedings of the 10th International Workshop on Java Technologies for Real-time and Embedded Systems},
 series = {JTRES '12},
 year = {2012},
 isbn = {978-1-4503-1688-0},
 location = {Copenhagen, Denmark},
 pages = {62--71},
 numpages = {10},
 url = {http://doi.acm.org/10.1145/2388936.2388948},
 doi = {10.1145/2388936.2388948},
 acmid = {2388948},
 publisher = {ACM},
 address = {New York, NY, USA},
 keywords = {Ravenscar Ada, SCJ, safety critical programming languages},
} 

@article{Wilhelm:2008,
 author = {Reinhard Wilhelm and Jakob Engblom and Andreas Ermedahl and Niklas Holsti and Stephan Thesing and David Whalley and Guillem Bernat and Christian Ferdinand and Reinhold Heckmann and Tulika Mitra and Frank Mueller and Isabelle Puaut and Peter Puschner and Jan Staschulat and Per Stenstr\"{o}m},
 title = {{T}he {W}orst-{C}ase {E}xecution-{T}ime {P}roblem --- {O}verview of {M}ethods and {S}urvey of {T}ools},
journal = {ACM Transactions on Embedded Computing Systems},
   series = {TECS},
 issue_date = {April 2008},
 volume = {7},
 number = {3},
 month = may,
 year = {2008},
 issn = {1539-9087},
 pages = {36:1--36:53},
 articleno = {36},
 numpages = {53},
 url = {http://doi.acm.org/10.1145/1347375.1347389},
 doi = {10.1145/1347375.1347389},
 acmid = {1347389},
 publisher = {ACM},
 address = {New York, NY, USA},
 keywords = {Hard real time, worst-case execution times},
} 

@inproceedings{Bogholm:2009:PJP:1620405.1620427,
 author = {Thomas B{\o}gholm and Ren{\'e} R. Hansen and Anders P. Ravn and Bent Thomsen and Hans S{\o}ndergaard},
 title = {{A} {P}redictable {J}ava {P}rofile: {R}ationale and {I}mplementations},
 booktitle = {Proceedings of the 7th International Workshop on Java Technologies for Real-Time and Embedded Systems},
 series = {JTRES '09},
 year = {2009},
 isbn = {978-1-60558-732-5},
 location = {Madrid, Spain},
 pages = {150--159},
 numpages = {10},
 url = {http://doi.acm.org/10.1145/1620405.1620427},
 doi = {10.1145/1620405.1620427},
 acmid = {1620427},
 publisher = {ACM},
 address = {New York, NY, USA},
 keywords = {Java, real-time},
}

@inproceedings{Kwon:2002:RHI:583810.583825,
 author = {Jagun Kwon and Andy Wellings and Steve King},
 title = {{R}avenscar-{J}ava: {A} {H}igh {I}ntegrity {P}rofile for {R}eal-{T}ime {J}ava},
 booktitle = {Proceedings of the 2002 Joint ACM-ISCOPE Conference on Java Grande},
 series = {JGI '02},
 year = {2002},
 isbn = {1-58113-599-8},
 location = {Seattle, Washington, USA},
 pages = {131--140},
 numpages = {10},
 url = {http://doi.acm.org/10.1145/583810.583825},
 doi = {10.1145/583810.583825},
 acmid = {583825},
 publisher = {ACM},
 address = {New York, NY, USA},
 keywords = {high integrity systems, profile, real-time Java},
}

@INPROCEEDINGS{Burns94preemptivepriority-based,
    author = {Alan Burns},
    title = {{P}reemptive {P}riority-{B}ased {S}cheduling: {A}n {A}ppropriate {E}ngineering {A}pproach},
    booktitle = {Advances in Real-Time Systems, chapter 10},
    year = {1994},
    pages = {225--248},
    publisher = {Prentice Hall}
} 



